@INPROCEEDINGS{365700,
  author={Shor, P.W.},
  booktitle={Proceedings 35th Annual Symposium on Foundations of Computer Science}, 
  title={Algorithms for quantum computation: discrete logarithms and factoring}, 
  year={1994},
  volume={},
  number={},
  pages={124-134},
  keywords={Quantum computing;Quantum mechanics;Polynomials;Computational modeling;Physics computing;Computer simulation;Costs;Mechanical factors;Cryptography;Circuit simulation},
  doi={10.1109/SFCS.1994.365700}}

@inproceedings{10.1145/237814.237866,
author = {Grover, Lov K.},
title = {A fast quantum mechanical algorithm for database search},
year = {1996},
isbn = {0897917855},
publisher = {Association for Computing Machinery},
address = {New York, NY, USA},
url = {https://doi.org/10.1145/237814.237866},
doi = {10.1145/237814.237866},
booktitle = {Proceedings of the Twenty-Eighth Annual ACM Symposium on Theory of Computing},
pages = {212–219},
numpages = {8},
location = {Philadelphia, Pennsylvania, USA},
series = {STOC '96}
}

@book{cdi_askewsholts_vlebooks_9780511985249,
title = {Quantum computation and quantum information},
year = {2011-01-23},
abstract = {One of the most cited books in physics of all time, Quantum Computation and Quantum Information remains the best textbook in this exciting field of science. This 10th anniversary edition includes an introduction from the authors setting the work in context. This comprehensive textbook describes such remarkable effects as fast quantum algorithms, quantum teleportation, quantum cryptography and quantum error-correction. Quantum mechanics and computer science are introduced before moving on to describe what a quantum computer is, how it can be used to solve problems faster than 'classical' computers and its real-world implementation. It concludes with an in-depth treatment of quantum information. Containing a wealth of figures and exercises, this well-known textbook is ideal for courses on the subject, and will interest beginning graduate students and researchers in physics, computer science, mathematics, and electrical engineering.},
author = {Chuang, Isaac L and Nielsen, Michael A},
isbn = {9781107002173},
keywords = {Computer science ; Quantum computers},
language = {eng},
publisher = {Cambridge University Press},
}

@misc{yu2022analysiserrorpropagationquantum,
      title={Analysis of Error Propagation in Quantum Computers}, 
      author={Ziang Yu and Yingzhou Li},
      year={2022},
      eprint={2209.01699},
      archivePrefix={arXiv},
      primaryClass={quant-ph},
      url={https://arxiv.org/abs/2209.01699}, 
}

@misc{bultrini2020simplemitigationstrategysystematic,
      title={Simple Mitigation Strategy for a Systematic Gate Error in IBMQ}, 
      author={Daniel Bultrini and Max Hunter Gordon and Esperanza López and Germȧn Sierra},
      year={2020},
      eprint={2012.00831},
      archivePrefix={arXiv},
      primaryClass={quant-ph},
      url={https://arxiv.org/abs/2012.00831}, 
}

@article{Wootters1982ASQ,
  title={A single quantum cannot be cloned},
  author={William K. Wootters and William K. Wootters and Wojciech H. Zurek},
  journal={Nature},
  year={1982},
  volume={299},
  pages={802-803},
  url={https://api.semanticscholar.org/CorpusID:4339227}
}

@article{Calderbank_1996,
   title={Good quantum error-correcting codes exist},
   volume={54},
   ISSN={1094-1622},
   url={http://dx.doi.org/10.1103/PhysRevA.54.1098},
   DOI={10.1103/physreva.54.1098},
   number={2},
   journal={Physical Review A},
   publisher={American Physical Society (APS)},
   author={Calderbank, A. R. and Shor, Peter W.},
   year={1996},
   month=aug, pages={1098–1105} }

@article{Aaronson_2004,
   title={Improved simulation of stabilizer circuits},
   volume={70},
   ISSN={1094-1622},
   url={http://dx.doi.org/10.1103/PhysRevA.70.052328},
   DOI={10.1103/physreva.70.052328},
   number={5},
   journal={Physical Review A},
   publisher={American Physical Society (APS)},
   author={Aaronson, Scott and Gottesman, Daniel},
   year={2004},
   month=nov }

@misc{webster2024engineeringquantumerrorcorrection,
      title={Engineering Quantum Error Correction Codes Using Evolutionary Algorithms}, 
      author={Mark Webster and Dan Browne},
      year={2024},
      eprint={2409.13017},
      archivePrefix={arXiv},
      primaryClass={quant-ph},
      url={https://arxiv.org/abs/2409.13017}, 
}

@article{PhysRevA.52.R2493,
  title = {Scheme for reducing decoherence in quantum computer memory},
  author = {Shor, Peter W.},
  journal = {Phys. Rev. A},
  volume = {52},
  issue = {4},
  pages = {R2493--R2496},
  numpages = {0},
  year = {1995},
  month = {Oct},
  publisher = {American Physical Society},
  doi = {10.1103/PhysRevA.52.R2493},
  url = {https://link.aps.org/doi/10.1103/PhysRevA.52.R2493}
}

@article{gottesman2016surviving,
  title={Surviving as a quantum computer in a classical world},
  author={Gottesman, Daniel},
  journal={Textbook manuscript preprint},
  year={2016}
}

@article{maldonado2022error,
  title={Error rate reduction of single-qubit gates via noise-aware decomposition into native gates},
  author={Maldonado, Thomas J and Flick, Johannes and Krastanov, Stefan and Galda, Alexey},
  journal={Scientific Reports},
  volume={12},
  number={1},
  pages={6379},
  year={2022},
  publisher={Nature Publishing Group UK London}
}

@inproceedings{rengaswamy2018synthesis,
  title={Synthesis of logical Clifford operators via symplectic geometry},
  author={Rengaswamy, Narayanan and Calderbank, Robert and Pfister, Henry D and Kadhe, Swanand},
  booktitle={2018 IEEE International Symposium on Information Theory (ISIT)},
  pages={791--795},
  year={2018},
  organization={IEEE}
}

@article{volanto2023minimizing,
  title={Minimizing the Number of Two-qubit Gates in Clifford Circuits},
  author={Volanto, Kalle},
  year={2023}
}

@book{luke2009essentials,
  title={Essentials of metaheuristics},
  author={Luke, Sean},
  year={2009}
}

@misc{gregor2024generatinginvertiblematricesrow,
      title={Generating all invertible matrices by row operations}, 
      author={Petr Gregor and Hung P. Hoang and Arturo Merino and Ondřej Mička},
      year={2024},
      eprint={2405.01863},
      archivePrefix={arXiv},
      primaryClass={math.CO},
      url={https://arxiv.org/abs/2405.01863}, 
}

@article{bombin2013introduction,
  title={An introduction to topological quantum codes},
  author={Bomb{\'\i}n, H{\'e}ctor},
  journal={arXiv preprint arXiv:1311.0277},
  year={2013}
}

@misc{guernut2024faulttolerantconstantdepthcliffordgates,
      title={Fault-Tolerant Constant-Depth Clifford Gates on Toric Codes}, 
      author={Alexandre Guernut and Christophe Vuillot},
      year={2024},
      eprint={2411.18287},
      archivePrefix={arXiv},
      primaryClass={quant-ph},
      url={https://arxiv.org/abs/2411.18287}, 
}

@incollection{eczoo_toric, title={Toric code}, booktitle={The Error Correction Zoo}, year={2024}, editor={Albert, Victor V. and Faist, Philippe}, url={https://errorcorrectionzoo.org/c/toric} }